@article{Monday,
    title = {The Woes of Mondays in the {U}kraine},
    author = {Moe Stooge and Larry Stooge and Curly Stooge and Bob Smith},
    journal = {Cold Humor},
    year = {1958},
    number = {4},
    volume = {29},
}

@misc{website,
    title = {Webpage TItle Would Go Here},
    note = {\url{http://wcu.edu}},
    author = {Western Carolina University},
}

@book{Ecology,
    title = {Mathematical Models of Demography in Ecology},
    author = {Benjamin Smith and Beverly Collins},
    publisher = {Elsevier},
    year = {2010},
    series = {Mathematical Biology},
}

